@inproceedings{EGKMV2014,
  author    = {Fredo Erxleben and Michael G{\"{u}}nther and Markus
               Kr{\"{o}}tzsch and Julian Mendez and Denny Vrande{\v{c}}i{\'{c}}},
  title     = {Introducing Wikidata to the Linked Data Web},
  editor    = {Peter Mika and Tania Tudorache and Abraham Bernstein and Chris
               Welty and Craig A. Knoblock and Denny Vrande{\v{c}}i{\'{c}} and
               Paul T. Groth and Natasha F. Noy and Krzysztof Janowicz and
               Carole A. Goble},
  booktitle = {Proceedings of the 13th International Semantic Web Conference
               (ISWC 2014)},
  series    = {LNCS},
  volume    = {8796},
  publisher = {Springer},
  year      = {2014},
  month     = {October},
  pages     = {50-65},
  doi       = {10.1007/978-3-319-11964-9_4}
}

@inproceedings{UJK2016,
  author    = {Jacopo Urbani and Ceriel Jacobs and Markus Kr{\"{o}}tzsch},
  title     = {Column-Oriented Datalog Materialization for Large Knowledge
               Graphs},
  editor    = {Dale Schuurmans and Michael P. Wellman},
  booktitle = {Proceedings of the 30th {AAAI} Conference on Artificial
               Intelligence},
  publisher = {AAAI Press},
  year      = {2016},
  pages     = {258-264}
}

@Misc{vlog4j,
author =   {Irina Dragoste and Markus Kr{\"{o}}tzsch and David Carralma},
title =    {{VLog4J}},
howpublished = {\url{https://github.com/knowsys/vlog4j}},
year = {2018}
}

@Misc{vlog,
author = {Ceriel Jacobs and Jacopo Urani},
title = {{VLog}},
howpublished = {\url{https://github.com/karmaresearch/vlog}},
year = {2016-2018}
}

@Misc{wdtk,
author = {Markus Kr{\"{o}}tzsch and Julian Mendez and Fredo Erxleben and Michael G{\"{u}}nther and Markus Damm and Antonin Delpeuch and Thomas Pellissier Tanon},
title = {Wikidata Toolkit},
howpublished = {\url{https://github.com/Wikidata/Wikidata-Toolkit}},
year = {2014-2018}
}

@Misc{wcd,
author = {Adrian Bielefeldt},
title = {Wikidata Constraints Datalog},
howpublished = {\url{https://github.com/Adrian-Bielefeldt/wcd}},
year = {2018}
}

@Misc{constraintsPortal,
title = {Help:Property constraints portal},
howpublished = {\url{https://www.wikidata.org/wiki/Help:Property_constraints_portal}},
note = {Accessed: 2018-09-01}

}
